@online{historie,
  title = {History of FMEAs},
  urldate = {2022-10-10},
  url = {https://qualitytrainingportal.com/resources/fmea-resource-center/fmea-history/},
}

@article{glashow,
  author       = {Glashow, Sheldon},
  title        = {Partial Symmetries of Weak Interactions},
  journaltitle = {Nucl.~Phys.},
  date         = 1961,
  volume       = 22,
  pages        = {579-588},
}

@book{aristotle:anima,
  author       = {Aristotle},
  title        = {De Anima},
  date         = 1907,
  editor       = {Hicks, Robert Drew},
  publisher    = cup,
  location     = {Cambridge},
  keywords     = {primary},
  langid       = {english},
  langidopts   = {variant=british},
  annotation   = {A \texttt{book} entry with an \texttt{author} and an
                  \texttt{editor}},
}

@book{fmeaHandbook,
  author       = {AIAF\&VDA},
  title        = {Failure Mode and Effects Analysis},
  date         = 2019,
  langid       = {english},
  langidopts   = {variant=american},
  shorttitle   = {FMEA Handbook},
  annotation   = {Design FMEA, Process FMEA, Supplemental FMEA for Monitoring \& System Resonse},
}

@article{handbookExample,
  author       = {AIAF\&VDA},
  title        = {Failure Mode and Effects Analysis:DFMEA Software Examples, PFMEA Software examples},
  journaltitle = {FMEA Handbook},
  date         = 2019,
  pages        = {174,179},
}

@online{fmeaStudio,
  title = {FMEA Studio},
  urldate = {2022-11-01},
  url = {https://www.iqasystem.com/fmea-studio/},
}

@online{pqFMEA,
  title = {PQ-FMEA},
  urldate = {2022-11-01},
  url = {https://www.iqasystem.com/fmea-studio/},
}

@online{relyenceFMEA,
  title = {Relyence FMEA},
  urldate = {2022-11-01},
  url = {https://relyence.com/products/fmea/},
}

@online{react,
  title = {React},
  urldate = {2022-02-01},
  url = {https://react.dev/},
}

@online{node,
  title = {Run JavaScript Everywhere.},
  urldate = {2022-02-01},
  url = {https://nodejs.dev/en/},
}

@online{express,
  title = {Express - Node.js web application framework},
  urldate = {2022-02-01},
  url = {https://expressjs.com/},
}

@online{mongo,
  title = {MongoDB: The Developer Data Platform | MongoDB},
  urldate = {2022-02-01},
  url = {https://www.mongodb.com/},
}

@online{socketIO,
  title = {Introduction | Soscket.IO},
  urldate = {2022-04-10},
  url = {https://socket.io/docs/v4/},
}R
@online{redux,
  title = {React Redux | React Redux},
  urldate = {2022-04-10},
  url = {https://react-redux.js.org/},
}
@online{mui,
  title = {MUI: The React component library you always wanted},
  urldate = {2022-04-11},
  url = {https://mui.com/},
}

@online{d3tree,
  title = {react-d3-tree - npm},
  urldate = {2022-04-11},
  url = {https://www.npmjs.com/package/react-d3-tree},
}

@online{firebase,
  title = {Firebase},
  urldate = {2022-04-12},
  url = {https://firebase.google.com/},
}

@online{exportIMG,
  title = {react-component-export-image
 - npm},
  urldate = {2022-04-12},
  url = {https://www.npmjs.com/package/react-component-export-image},
}

@online{exportTable,
  title = {react-export-table-to-excel - npm},
  urldate = {2022-04-12},
  url = {https://www.npmjs.com/package/react-export-table-to-excel},
}
@online{firebase,
  title = {Firebase},
  urldate = {2022-04-12},
  url = {https://firebase.google.com/},
}
@online{firebase,
  title = {Firebase},
  urldate = {2022-04-12},
  url = {https://firebase.google.com/},
}
@online{firebase,
  title = {Firebase},
  urldate = {2022-04-12},
  url = {https://firebase.google.com/},
}